@article{singh2023mobile,
  title={Mobile apps--based applications in libraries and information centers: A systematic review of the literature and future research agendas},
  author={Singh, BP and Madhusudhan, Margam},
  journal={International Journal of Librarianship},
  volume={8},
  number={3},
  pages={83--102},
  year={2023}
}

@mastersthesis{ruiz2017desarrollo,
  title={Desarrollo y personalizaci{\'o}n de contenidos digitales para la aplicaci{\'o}n UPB M{\'o}vil a partir de las necesidades comunicacionales encontradas en cada seccional a nivel nacional},
  author={Ruiz Manco, Yorley Arelys and Mora P{\'a}ez, Mitchelle Ivonne},
  type={{B.S.} thesis},
  year={2017},
  school={Escuela de Ciencias Sociales}
}

@mastersthesis{ortegadesarrollo,
  title={Desarrollo de un prototipo de aplicativo m{\'o}vil para Bibliotecas ``Bibliotecapp''},
  author={Ortega Ardila, Cristian Camilo and others},
  year={2021},
  school={Universidad Distrital Francisco Jos{\'e} de Caldas}
}

@article{antasaria2019analysis,
  title={Analysis Of User Satisfaction On Self-Loan Services in Islamic State Institute (IAIN) Purwokerto Library},
  author={Antasaria, Indah Wijaya and Chakimb, Sulkhan},
  journal={Educational Administration Research and Review},
  volume={3},
  number={2},
  year={2019}
}

@misc{unal_87281,
  author = {Becerra M{\'a}rquez, Claudia Virginia and Carrasco, Evelyn Didier and Burgos Aguilar, Jos{\'e} Vladimir and Lisowska Navarro, Malgorzata and Valencia Grajales, Sonia and Valencia Grajales, Sonia Maria},
  title = {Tendencias de innovaci{\'o}n en bibliotecas acad{\'e}micas en Latinoam{\'e}rica y el Caribe},
  year = {2024},
  url = {https://repositorio.unal.edu.co/handle/unal/87281}
}

@article{martinez2021aplicacion,
  title={Aplicaci{\'o}n m{\'o}vil ``Bibliotecas UNAM''. Ll{\'e}vala en tu bolsillo},
  author={Mart{\'\i}nez, Israel Dur{\'a}n and Bernal, Miguel {\'A}ngel Jim{\'e}nez and Cruz, Arturo Rend{\'o}n},
  journal={Biblioteca Universitaria},
  volume={24},
  number={2},
  year={2021}
}

@mastersthesis{fombellida2012sistema,
  title={Sistema de Gesti{\'o}n y control de pr{\'e}stamo de libros en bibliotecas para tel{\'e}fonos m{\'o}viles Android},
  author={Fombellida Moreno, Javier},
  year={2012},
  school={Universidad Carlos III de Madrid}
}

@article{rodriguez2015automatizacion,
  title={Automatizaci{\'o}n de la gesti{\'o}n de una biblioteca popular},
  author={Rodr{\'\i}guez Isla, Flavia and S{\'a}nchez, Marisa Anal{\'\i}a},
  year={2015},
  publisher={Universidad Nacional Aut{\'o}noma de M{\'e}xico}
}

@book{rubin2020foundations,
  title={Foundations of Library and Information Science},
  author={Rubin, R.E. and Rubin, R.G.},
  isbn={9780838947449},
  lccn={2020000776},
  url={https://books.google.com.co/books?id=sQlTzQEACAAJ},
  year={2020},
  publisher={American Library Association}
}

@article{cabral2017identificacion,
  title={Identificaci{\'o}n autom{\'a}tica en las bibliotecas: c{\'o}digos de barra, c{\'o}digos QR y RFID},
  author={Cabral, Rub{\'e}n Gonzalo},
  year={2017}
}

@article{alonso2017aplicaciones,
  title={Aplicaciones m{\'o}viles en bibliotecas},
  author={Alonso-Ar{\'e}valo, Julio and others},
  year={2017},
  publisher={Espa{\~n}a. Ministerio de Educaci{\'o}n y Cultura}
}

@book{picco2011manual,
  title={Manual de catalogaci{\'o}n automatizada},
  author={Picco, Paola and Mart{\'\i}nez Tamayo, Ana Mar{\'\i}a and Aguirre, Natalia and Fager, Jos{\'e}},
  year={2011}
}

@article{sadeh2007time,
  author = {Tamar Sadeh},
  title = {Time for a change: new approaches for a new generation of library users},
  journal = {New Library World},
  volume = {108},
  number = {7/8},
  pages = {307--316},
  year = {2007},
  publisher = {Emerald Group Publishing Limited},
  doi = {10.1108/03074800710763608},
  url = {https://doi.org/10.1108/03074800710763608}
}

@article{gomez2015biblioteca,
  title={La biblioteca infantil en el siglo XXI o c{\'o}mo integrar las apps en la biblioteca},
  author={G{\'o}mez-D{\'\i}az, Raquel and Garc{\'\i}a-Rodr{\'\i}guez, Araceli},
  year={2015},
  publisher={Universidad Nacional de Luj{\'a}n. Departamento de Ciencias Sociales; Argentina}
}

@article{Singh2024,
  title={Revolutionizing Libraries: A Review of Advanced Library Management Systems},
  author={Himanchal Singh and Prajwal Rana and Er. Gautam Kr and Shankul Thakur and Himanshu Kumar Singh and Shivansh Tiwari},
  journal={International Journal of Research and Analytical Reviews (IJRAR)},
  volume={1},
  number={2},
  pages={161--164},
  year={2024},
  month={dec},
  url={https://www.researchgate.net/publication/387079186_Revolutionizing_Libraries_A_Review_of_Advanced_Library_Management_Systems}
}

@article{polanco2011android,
  title={{Android}: el sistema operativo de Google para dispositivos m{\'o}viles},
  author={Polanco, Kristel Malave and Taibo, Jos{\'e} Luis Beauperthuy},
  journal={Negotium: revista de ciencias gerenciales},
  volume={7},
  number={19},
  pages={79--96},
  year={2011},
  publisher={Fundaci{\'o}n Miguel de Unamuno y Jugo}
}

@misc{Statista2025,
  author={Statista},
  title={Global market share held by mobile operating systems since 2009},
  year={2025},
  url={https://www.statista.com/statistics/272698/global-market-share-held-by-mobile-operating-systems-since-2009/},
  note={Accessed: 2025-02-16}
}

@misc{economipedia_codigo_de_barras,
  author={{Economipedia}},
  title={C{\'o}digo de barras},
  howpublished={\url{https://economipedia.com/definiciones/codigo-de-barras.html}},
  note={Consultado el 18 de febrero de 2025},
  year={n.d.}
}

@misc{IBM_mobile_app_development,
  author={{IBM}},
  title={Mobile Application Development},
  howpublished={\url{https://www.ibm.com/es-es/topics/mobile-application-development}},
  note={Consultado el 18 de febrero de 2025},
  year={n.d.}
}

@book{kaner1999testing,
  title={Testing Computer Software},
  author={Kaner, C},
  year={1999},
  publisher={Wiley}
}

@article{umux,
  author={Finstad, Kraig},
  year={2010},
  month={09},
  pages={323--327},
  title={The Usability Metric for User Experience},
  volume={22},
  journal={Interacting with Computers},
  doi={10.1016/j.intcom.2010.04.004}
}

@article{tashildar2020application,
  title={Application development using flutter},
  author={Tashildar, Aakanksha and Shah, Nisha and Gala, Rushabh and Giri, Trishul and Chavhan, Pranali},
  journal={International Research Journal of Modernization in Engineering Technology and Science},
  volume={2},
  number={8},
  pages={1262--1266},
  year={2020}
}

@article{Kinari2024,
  author={Safira Adine Kinari and Nobuo Funabiki and Soe Thandar Aung and Khaing Hsu Wai and Mustika Mentari and Pradini Puspitaningayu},
  title={An Independent Learning System for Flutter Cross-Platform Mobile Programming with Code Modification Problems},
  journal={Information},
  volume={15},
  number={10},
  pages={614},
  year={2024},
  url={https://doi.org/10.3390/info15100614},
  doi={10.3390/info15100614}
}

@article{shah2017node,
  title={Node.js challenges in implementation},
  author={Shah, Hezbullah and Soomro, Tariq Rahim},
  journal={Global Journal of Computer Science and Technology},
  volume={17},
  number={2},
  pages={73--83},
  year={2017},
  publisher={may}
}

@article{haro2019desarrollo,
  title={Desarrollo backend para aplicaciones web, servicios web restful: Node.js vs Spring Boot},
  author={Haro, Edward and Guarda, Teresa and Pe{\~n}aherrera, Alex Omar Zambrano and Qui{\~n}a, Geovanni Ninahualpa},
  journal={Revista Ib{\'e}rica de Sistemas e Tecnologias de Informa{\c{c}}{\~a}o},
  number={E17},
  pages={309--321},
  year={2019},
  publisher={Associa{\c{c}}{\~a}o Ib{\'e}rica de Sistemas e Tecnologias de Informacao}
}

@article{mardan2018using,
  title={Using express.js to create Node.js web apps},
  author={Mardan, Azat and Mardan, Azat},
  journal={Practical Node.js: Building Real-World Scalable Web Apps},
  pages={51--87},
  year={2018},
  publisher={Springer}
}

@article{cosentino2017systematic,
  title={A systematic mapping study of software development with GitHub},
  author={Cosentino, Valerio and Izquierdo, Javier L. C{\'a}novas and Cabot, Jordi},
  journal={IEEE Access},
  volume={5},
  pages={7173--7192},
  year={2017},
  publisher={IEEE}
}

@misc{UPB_Biblioteca,
  author={Universidad Pontificia Bolivariana},
  title={Biblioteca Benedicto XVI - Seccional Bucaramanga},
  year={2024},
  url={https://www.upb.edu.co/es/bibliotecas/biblioteca-bucaramanga},
  note={Consultado el 19 de febrero de 2025}
}

@book{Cohn2005,
  title={Agile Estimating and Planning},
  author={Cohn, Mike},
  year={2005},
  publisher={Prentice Hall},
  address={Upper Saddle River, NJ}
}

@article{schwaber2020guia,
  title={La gu{\'\i}a definitiva de Scrum: las reglas del juego},
  author={Schwaber, Ken and Sutherland, Jeff},
  year={2020}
}

@misc{guillen2019arquitectura,
  title={Arquitectura de aplicaciones web},
  author={Guill{\'e}n, Xavier Vilajosana and Moldes, Leandro Navarro},
  year={2019}
}

@inproceedings{nielsen1990heuristic,
  title={Heuristic evaluation of user interfaces},
  author={Nielsen, Jakob and Molich, Rolf},
  booktitle={Proceedings of the SIGCHI conference on Human factors in computing systems},
  pages={249--256},
  year={1990}
}